@inproceedings{Appel2012,
  doi = {10.1109/soca.2012.6449455},
  url = {https://doi.org/10.1109/soca.2012.6449455},
  year = {2012},
  month = dec,
  publisher = {{IEEE}},
  author = {Stefan Appel and Sebastian Frischbier and Tobias Freudenreich and Alejandro Buchmann},
  title = {Eventlets: Components for the integration of event streams with {SOA}},
  booktitle = {2012 Fifth {IEEE} International Conference on Service-Oriented Computing and Applications ({SOCA})}
}

@inproceedings{Alam2010,
  doi = {10.1109/nesea.2010.5678060},
  url = {https://doi.org/10.1109/nesea.2010.5678060},
  year = {2010},
  month = nov,
  publisher = {{IEEE}},
  author = {Sarfraz Alam and Mohammad M. R. Chowdhury and Josef Noll},
  title = {{SenaaS}: An event-driven sensor virtualization approach for Internet of Things cloud},
  booktitle = {2010 {IEEE} International Conference on Networked Embedded Systems for Enterprise Applications}
}

@inproceedings{DSP2015,
  doi = {10.1109/iscc.2015.7405527},
  url = {https://doi.org/10.1109/iscc.2015.7405527},
  year = {2015},
  month = jul,
  publisher = {{IEEE}},
  author = {Valeria Cardellini and Vincenzo Grassi and Francesco Lo Presti and Matteo Nardelli},
  title = {On {QoS}-aware scheduling of data stream applications over fog computing infrastructures},
  booktitle = {2015 {IEEE} Symposium on Computers and Communication ({ISCC})}
}

@article{DSP2018,
  doi = {10.1016/j.future.2018.05.025},
  url = {https://doi.org/10.1016/j.future.2018.05.025},
  year = {2018},
  month = oct,
  publisher = {Elsevier {BV}},
  volume = {87},
  pages = {171--185},
  author = {Valeria Cardellini and Francesco Lo Presti and Matteo Nardelli and Gabriele Russo Russo},
  title = {Decentralized self-adaptation for elastic Data Stream Processing},
  journal = {Future Generation Computer Systems}
}

@article{FindingYourWay,
  doi = {10.1145/2677046.2677052},
  url = {https://doi.org/10.1145/2677046.2677052},
  year = {2014},
  month = oct,
  publisher = {Association for Computing Machinery ({ACM})},
  volume = {44},
  number = {5},
  pages = {27--32},
  author = {Luis M. Vaquero and Luis Rodero-Merino},
  title = {Finding your Way in the Fog},
  journal = {{ACM} {SIGCOMM} Computer Communication Review}
}

@inproceedings{ASurveyOfFogComputing,
  doi = {10.1145/2757384.2757397},
  url = {https://doi.org/10.1145/2757384.2757397},
  year = {2015},
  publisher = {{ACM} Press},
  author = {Shanhe Yi and Cheng Li and Qun Li},
  title = {A Survey of Fog Computing},
  booktitle = {Proceedings of the 2015 Workshop on Mobile Big Data - Mobidata {\textquotesingle}15}
}

@article{OverviewReasearchOp,
  doi = {10.1109/jiot.2016.2584538},
  url = {https://doi.org/10.1109/jiot.2016.2584538},
  year = {2016},
  month = dec,
  publisher = {Institute of Electrical and Electronics Engineers ({IEEE})},
  volume = {3},
  number = {6},
  pages = {854--864},
  author = {Mung Chiang and Tao Zhang},
  title = {Fog and {IoT}: An Overview of Research Opportunities},
  journal = {{IEEE} Internet of Things Journal}
}

@article{FogDrivenEHealth,
  doi = {10.1016/j.future.2017.04.036},
  url = {https://doi.org/10.1016/j.future.2017.04.036},
  year = {2018},
  month = jan,
  publisher = {Elsevier {BV}},
  volume = {78},
  pages = {659--676},
  author = {Bahar Farahani and Farshad Firouzi and Victor Chang and Mustafa Badaroglu and Nicholas Constant and Kunal Mankodiya},
  title = {Towards fog-driven {IoT} {eHealth}: Promises and challenges of {IoT} in medicine and healthcare},
  journal = {Future Generation Computer Systems}
}

@inproceedings{FogSecurityIssues,
  doi = {10.15439/2014f503},
  url = {https://doi.org/10.15439/2014f503},
  year = {2014},
  month = sep,
  publisher = {{IEEE}},
  author = {Ivan Stojmenovic and Sheng Wen},
  title = {The Fog Computing Paradigm: Scenarios and Security Issues},
  booktitle = {Proceedings of the 2014 Federated Conference on Computer Science and Information Systems}
}

@article{FogComputingPrinciples,
  title={Fog Computing: Principles, Architectures, and Applications},
  author={Amir Vahid Dastjerdi and Harshit Gupta and Rodrigo Neves Calheiros and Soumya K. Ghosh and Rajkumar Buyya},
  journal={CoRR},
  year={2016},
  volume={abs/1601.02752}
}

@inproceedings{RequirementsEngineering,
  doi = {10.1145/336512.336523},
  url = {https://doi.org/10.1145/336512.336523},
  year = {2000},
  publisher = {{ACM} Press},
  author = {Bashar Nuseibeh and Steve Easterbrook},
  title = {Requirements engineering},
  booktitle = {Proceedings of the conference on The future of Software engineering  - {ICSE} {\textquotesingle}00}
}

@incollection{IoTandAnalytics,
  doi = {10.1007/978-3-319-05029-4_7},
  url = {https://doi.org/10.1007/978-3-319-05029-4_7},
  year = {2014},
  publisher = {Springer International Publishing},
  pages = {169--186},
  author = {Flavio Bonomi and Rodolfo Milito and Preethi Natarajan and Jiang Zhu},
  title = {Fog Computing: A Platform for Internet of Things and Analytics},
  booktitle = {Big Data and Internet of Things: A Roadmap for Smart Environments}
}

@article{DesignScience,
author = {Hevner, Alan and R, Alan and March, Salvatore and T, Salvatore and , Park and Park, Jinsoo and , Ram and , Sudha},
year = {2004},
month = {03},
pages = {75-},
title = {Design Science in Information Systems Research},
volume = {28},
journal = {Management Information Systems Quarterly}
}